@inproceedings{gautam2016multi,
  title={Multi-master Replication of Enhanced Learning Assistant System in IoT Cluster},
  author={Gautam, Bishnu Prasad and Wasaki, Katsumi and Batajoo, Amit and Shrestha, Suresh and Kazuhiko, Sato},
  booktitle={2016 IEEE 30th International Conference on Advanced Information Networking and Applications (AINA)},
  pages={1006--1012},
  year={2016},
  organization={IEEE}
}

@article{bernstein1985serializability,
  title={Serializability theory for replicated databases},
  author={Bernstein, Philip A and Goodman, Nathan},
  journal={Journal of Computer and System Sciences},
  volume={31},
  number={3},
  pages={355--374},
  year={1985},
  publisher={Elsevier}
}

@inproceedings{pacitti2003preventive,
  title={Preventive multi-master replication in a cluster of autonomous databases},
  author={Pacitti, Esther and {\"O}zsu, M Tamer and Coulon, C{\'e}dric},
  booktitle={European Conference on Parallel Processing},
  pages={318--327},
  year={2003},
  organization={Springer}
}

@online{xyxon,
  author = {XyXon Inc},
  title = {MariaDB Enterprise Cluster | New Standard Database},
  url = {https://web.archive.org/web/20161217015254/http://www.xyxon.co.jp/lineup/mariadb/cluster/index.html/?version=en}
}

@online{wsrepapi,
  author = {Codership Ltd},
  title = {Replication API - Galera Cluster Documentation},
  url = {https://web.archive.org/web/20161129193023/http://galeracluster.com/documentation-webpages/architecture.html}
}

@online{aboutmariadb,
  author = {MariaDB Foundation},
  title = {About MariaDB},
  url = {https://web.archive.org/web/20161218234854/http://mariadb.org/about/}
}

@online{mariadbengines,
  author = {MariaDB Foundation},
  title = {Storage Engines},
  url = {https://web.archive.org/web/20161218235039/https://mariadb.com/kb/en/mariadb/storage-engines/}
}

@online{galerarecovery,
  author = {Codership Ltd},
  title = {Node Failure and Recovery},
  url = {https://web.archive.org/web/20161218235521/http://galeracluster.com/documentation-webpages/recovery.html}
}

@online{galeraquorum,
  author = {Codership Ltd},
  title = {Weighted Quorum},
  url = {https://web.archive.org/web/20161218235906/http://galeracluster.com/documentation-webpages/weightedquorum.html}
}

@online{awsinstances,
  author = {Amazon Web Services Inc},
  title = {Amazon EC2 Instance Types},
  url = {http://web.archive.org/web/20161220111831/https://aws.amazon.com/ec2/instance-types/}
}

@online{mariadbsysbench,
  author = {MariaDB Foundation},
  title = {sysbench Benchmark Setup},
  url = {http://web.archive.org/web/20161220121933/https://mariadb.com/kb/en/mariadb/sysbench-benchmark-setup/}
}

@online{durablebug,
  author = {MariaDB Foundation},
  title = {Galera is 3x slower than standalone with durable settings},
  url = {https://web.archive.org/web/20170112112035/https://jira.mariadb.org/browse/MDEV-11599}
}
